<?xml version="1.0" encoding="UTF-8"?><record xmlns="http://www.loc.gov/MARC21/slim" xmlns:cinclude="http://apache.org/cocoon/include/1.0" xmlns:zs="http://www.loc.gov/zing/srw/">
  <leader>00560nz  a2200181n  4500</leader>
  <controlfield tag="001">no2003007083</controlfield>
  <controlfield tag="003">DLC</controlfield>
  <controlfield tag="005">20030124053009.0</controlfield>
  <controlfield tag="008">030123n| acaabaaan          |n ana     c</controlfield>
  <datafield tag="010" ind1=" " ind2=" ">
    <subfield code="a">no2003007083</subfield>
  </datafield>
  <datafield tag="035" ind1=" " ind2=" ">
    <subfield code="a">(OCoLC)oca05956742</subfield>
  </datafield>
  <datafield tag="040" ind1=" " ind2=" ">
    <subfield code="a">TxCM</subfield>
    <subfield code="b">eng</subfield>
    <subfield code="c">TxCM</subfield>
  </datafield>
  <datafield tag="130" ind1=" " ind2="0">
    <subfield code="a">Vista series (Buena Vista Home Entertainment (Firm))</subfield>
  </datafield>
  <datafield tag="643" ind1=" " ind2=" ">
    <subfield code="a">Burbank, CA</subfield>
    <subfield code="b">Touchstone Home Entertainment</subfield>
    <subfield code="b">Distributed by Buena Vista Home Entertainment</subfield>
  </datafield>
  <datafield tag="644" ind1=" " ind2=" ">
    <subfield code="a">f</subfield>
    <subfield code="5">TxCM</subfield>
  </datafield>
  <datafield tag="645" ind1=" " ind2=" ">
    <subfield code="a">t</subfield>
    <subfield code="5">DPCC</subfield>
    <subfield code="5">TxCM</subfield>
  </datafield>
  <datafield tag="646" ind1=" " ind2=" ">
    <subfield code="a">s</subfield>
    <subfield code="5">TxCM</subfield>
  </datafield>
  <datafield tag="670" ind1=" " ind2=" ">
    <subfield code="a">Signs, 2003, c2002:</subfield>
    <subfield code="b">container (Vista series)</subfield>
  </datafield>
</record>